%% This BibTeX bibliography file was created using BibDesk.
%% http://bibdesk.sourceforge.net/


%% Created for Takumi Murayama at 0026-10-13 18:00:48 -0400 


%% Saved with string encoding Unicode (UTF-8) 



@book{Art11,
	Address = {Upper Saddle River, NJ},
	Author = {Artin, Michael},
	Date-Added = {0026-10-13 22:00:47 +0000},
	Date-Modified = {0026-10-13 22:00:47 +0000},
	Edition = {Second ed},
	Keywords = {General Algebra},
	Publisher = {Prentice Hall},
	Title = {Algebra},
	Year = {2011},
	Bdsk-File-1 = {YnBsaXN0MDDUAQIDBAUGJCVYJHZlcnNpb25YJG9iamVjdHNZJGFyY2hpdmVyVCR0b3ASAAGGoKgHCBMUFRYaIVUkbnVsbNMJCgsMDxJXTlMua2V5c1pOUy5vYmplY3RzViRjbGFzc6INDoACgAOiEBGABIAFgAdccmVsYXRpdmVQYXRoWWFsaWFzRGF0YV8QMC4uLy4uLy4uL01hdGgvQm9va3MvQWxnZWJyYS9BcnRpbiAtIEFsZ2VicmEuZGp2ddIXCxgZV05TLmRhdGFPEQHIAAAAAAHIAAIAAAxNYWNpbnRvc2ggSEQAAAAAAAAAAAAAAAAAAADMMNqySCsAAAEqOHEUQXJ0aW4gLSBBbGdlYnJhLmRqdnUAAAAAAAAAAAAAAAAAAAAAAAAAAAAAAAAAAAAAAAAAAAAAAAAAAAAAAAAAAaapuM0yBpYAAAAAAAAAAAADAAQAAAkgAAAAAAAAAAAAAAAAAAAAB0FsZ2VicmEAABAACAAAzDES8gAAABEACAAAzTJM5gAAAAEAGAEqOHEA9cwXAPXIAAAKI0kABcI/AAIN+QACAFBNYWNpbnRvc2ggSEQ6VXNlcnM6AHRha3VtaW06AERyb3Bib3g6AE1hdGg6AEJvb2tzOgBBbGdlYnJhOgBBcnRpbiAtIEFsZ2VicmEuZGp2dQAOACoAFABBAHIAdABpAG4AIAAtACAAQQBsAGcAZQBiAHIAYQAuAGQAagB2AHUADwAaAAwATQBhAGMAaQBuAHQAbwBzAGgAIABIAEQAEgA9VXNlcnMvdGFrdW1pbS9Ecm9wYm94L01hdGgvQm9va3MvQWxnZWJyYS9BcnRpbiAtIEFsZ2VicmEuZGp2dQAAEwABLwAAFQACAA7//wAAgAbSGxwdHlokY2xhc3NuYW1lWCRjbGFzc2VzXU5TTXV0YWJsZURhdGGjHR8gVk5TRGF0YVhOU09iamVjdNIbHCIjXE5TRGljdGlvbmFyeaIiIF8QD05TS2V5ZWRBcmNoaXZlctEmJ1Ryb290gAEACAARABoAIwAtADIANwBAAEYATQBVAGAAZwBqAGwAbgBxAHMAdQB3AIQAjgDBAMYAzgKaApwCoQKsArUCwwLHAs4C1wLcAukC7AL+AwEDBgAAAAAAAAIBAAAAAAAAACgAAAAAAAAAAAAAAAAAAAMI},
	Bdsk-Url-1 = {http://www.ams.org/mathscinet-getitem?mr=1129886}}

@misc{MO47846,
	Author = {Balazs Strenner},
	Date-Added = {0026-10-13 07:08:30 +0000},
	Date-Modified = {0026-10-13 17:57:38 +0000},
	Howpublished = {MathOverflow},
	Note = {URL: \url{http://mathoverflow.net/q/47846} (version: 2010-12-01)},
	Shorthand = {MO47846},
	Title = {Atiyah-Macdonald, Exercise 2.11},
	Url = {http://mathoverflow.net/q/47846},
	Bdsk-Url-1 = {http://mathoverflow.net/q/47846}}

@book{Mun00,
	Address = {Upper Saddle River, NJ},
	Author = {Munkres, James R.},
	Date-Added = {0026-10-04 18:33:48 +0000},
	Date-Modified = {0026-10-04 18:33:48 +0000},
	Edition = {2nd ed.},
	Isbn = {0-13-181629-2},
	Language = {English},
	Msc2010 = {54-01 55-01},
	Publisher = {Prentice Hall},
	Title = {Topology},
	Year = {2000},
	Zbl = {0951.54001},
	Bdsk-File-1 = {YnBsaXN0MDDUAQIDBAUGJCVYJHZlcnNpb25YJG9iamVjdHNZJGFyY2hpdmVyVCR0b3ASAAGGoKgHCBMUFRYaIVUkbnVsbNMJCgsMDxJXTlMua2V5c1pOUy5vYmplY3RzViRjbGFzc6INDoACgAOiEBGABIAFgAdccmVsYXRpdmVQYXRoWWFsaWFzRGF0YV8QNC4uLy4uLy4uL01hdGgvQm9va3MvVG9wb2xvZ3kvTXVua3JlcyAtIFRvcG9sb2d5LmRqdnXSFwsYGVdOUy5kYXRhTxEB1gAAAAAB1gACAAAMTWFjaW50b3NoIEhEAAAAAAAAAAAAAAAAAAAAzDDaskgrAAABlm8GF011bmtyZXMgLSBUb3BvbG9neS5kanZ1AAAAAAAAAAAAAAAAAAAAAAAAAAAAAAAAAAAAAAAAAAAAAAAAAAAAAACD1erLdDSyAAAAAAAAAAAAAwAEAAAJIAAAAAAAAAAAAAAAAAAAAAhUb3BvbG9neQAQAAgAAMwxEvIAAAARAAgAAMt0ewIAAAABABgBlm8GAPXMFwD1yAAACiNJAAXCPwACDfkAAgBUTWFjaW50b3NoIEhEOlVzZXJzOgB0YWt1bWltOgBEcm9wYm94OgBNYXRoOgBCb29rczoAVG9wb2xvZ3k6AE11bmtyZXMgLSBUb3BvbG9neS5kanZ1AA4AMAAXAE0AdQBuAGsAcgBlAHMAIAAtACAAVABvAHAAbwBsAG8AZwB5AC4AZABqAHYAdQAPABoADABNAGEAYwBpAG4AdABvAHMAaAAgAEgARAASAEFVc2Vycy90YWt1bWltL0Ryb3Bib3gvTWF0aC9Cb29rcy9Ub3BvbG9neS9NdW5rcmVzIC0gVG9wb2xvZ3kuZGp2dQAAEwABLwAAFQACAA7//wAAgAbSGxwdHlokY2xhc3NuYW1lWCRjbGFzc2VzXU5TTXV0YWJsZURhdGGjHR8gVk5TRGF0YVhOU09iamVjdNIbHCIjXE5TRGljdGlvbmFyeaIiIF8QD05TS2V5ZWRBcmNoaXZlctEmJ1Ryb290gAEACAARABoAIwAtADIANwBAAEYATQBVAGAAZwBqAGwAbgBxAHMAdQB3AIQAjgDFAMoA0gKsAq4CswK+AscC1QLZAuAC6QLuAvsC/gMQAxMDGAAAAAAAAAIBAAAAAAAAACgAAAAAAAAAAAAAAAAAAAMa}}

@book{BS81,
	Address = {New York-Berlin},
	Author = {Burris, Stanley and Sankappanavar, H. P.},
	Date-Added = {0026-10-04 17:26:05 +0000},
	Date-Modified = {0026-10-04 17:41:03 +0000},
	Isbn = {0-387-90578-2},
	Mrclass = {08-01},
	Mrnumber = {648287 (83k:08001)},
	Mrreviewer = {R. S. Pierce},
	Number = {78},
	Publisher = {Springer-Verlag},
	Series = {Graduate Texts in Mathematics},
	Title = {A course in universal algebra},
	Year = {1981},
	Bdsk-Url-1 = {http://www.ams.org.proxy.lib.umich.edu/mathscinet-getitem?mr=648287}}

@book{Rei95,
	Address = {Cambridge},
	Author = {Reid, Miles},
	Date-Added = {0026-09-14 08:11:21 +0000},
	Date-Modified = {0026-09-14 08:11:21 +0000},
	Isbn = {0-521-45255-4},
	Keywords = {Commutative Algebra},
	Mrclass = {13-01},
	Mrnumber = {1458066 (98c:13001)},
	Number = {29},
	Publisher = {Cambridge University Press},
	Series = {London Mathematical Society Student Texts},
	Title = {Undergraduate commutative algebra},
	Year = {1995},
	Bdsk-File-1 = {YnBsaXN0MDDUAQIDBAUGJCVYJHZlcnNpb25YJG9iamVjdHNZJGFyY2hpdmVyVCR0b3ASAAGGoKgHCBMUFRYaIVUkbnVsbNMJCgsMDxJXTlMua2V5c1pOUy5vYmplY3RzViRjbGFzc6INDoACgAOiEBGABIAFgAdccmVsYXRpdmVQYXRoWWFsaWFzRGF0YV8QVS4uLy4uLy4uL01hdGgvQm9va3MvQ29tbXV0YXRpdmUgQWxnZWJyYS9SZWlkIC0gVW5kZXJncmFkdWF0ZSBDb21tdXRhdGl2ZSBBbGdlYnJhLmRqdnXSFwsYGVdOUy5kYXRhTxECQgAAAAACQgACAAAMTWFjaW50b3NoIEhEAAAAAAAAAAAAAAAAAAAAzDDaskgrAAAA9dAmH1JlaWQgLSBVbmRlcmdyYWR1YXQjN0RERUUxLmRqdnUAAAAAAAAAAAAAAAAAAAAAAAAAAAAAAAAAAAAAAAAAAAB93uHLXl1oAAAAAAAAAAAAAwAEAAAJIAAAAAAAAAAAAAAAAAAAABNDb21tdXRhdGl2ZSBBbGdlYnJhAAAQAAgAAMwxEvIAAAARAAgAAMteo7gAAAABABgA9dAmAPXMFwD1yAAACiNJAAXCPwACDfkAAgBnTWFjaW50b3NoIEhEOlVzZXJzOgB0YWt1bWltOgBEcm9wYm94OgBNYXRoOgBCb29rczoAQ29tbXV0YXRpdmUgQWxnZWJyYToAUmVpZCAtIFVuZGVyZ3JhZHVhdCM3RERFRTEuZGp2dQAADgBcAC0AUgBlAGkAZAAgAC0AIABVAG4AZABlAHIAZwByAGEAZAB1AGEAdABlACAAQwBvAG0AbQB1AHQAYQB0AGkAdgBlACAAQQBsAGcAZQBiAHIAYQAuAGQAagB2AHUADwAaAAwATQBhAGMAaQBuAHQAbwBzAGgAIABIAEQAEgBiVXNlcnMvdGFrdW1pbS9Ecm9wYm94L01hdGgvQm9va3MvQ29tbXV0YXRpdmUgQWxnZWJyYS9SZWlkIC0gVW5kZXJncmFkdWF0ZSBDb21tdXRhdGl2ZSBBbGdlYnJhLmRqdnUAEwABLwAAFQACAA7//wAAgAbSGxwdHlokY2xhc3NuYW1lWCRjbGFzc2VzXU5TTXV0YWJsZURhdGGjHR8gVk5TRGF0YVhOU09iamVjdNIbHCIjXE5TRGljdGlvbmFyeaIiIF8QD05TS2V5ZWRBcmNoaXZlctEmJ1Ryb290gAEACAARABoAIwAtADIANwBAAEYATQBVAGAAZwBqAGwAbgBxAHMAdQB3AIQAjgDmAOsA8wM5AzsDQANLA1QDYgNmA20DdgN7A4gDiwOdA6ADpQAAAAAAAAIBAAAAAAAAACgAAAAAAAAAAAAAAAAAAAOn},
	Bdsk-Url-1 = {http://www.ams.org/mathscinet-getitem?mr=1458066}}

@book{AM69,
	Address = {Reading, Mass.},
	Author = {Atiyah, M. F. and Macdonald, I. G.},
	Date-Added = {2013-04-22 02:31:09 +0000},
	Date-Modified = {2013-05-19 19:26:14 +0000},
	Keywords = {Commutative Algebra},
	Mrclass = {13.00},
	Mrnumber = {0242802 (39 \#4129)},
	Mrreviewer = {J. A. Johnson},
	Publisher = {Addison-Wesley Publishing Co.},
	Title = {Introduction to commutative algebra},
	Year = {1969},
	Bdsk-File-1 = {YnBsaXN0MDDUAQIDBAUGJCVYJHZlcnNpb25YJG9iamVjdHNZJGFyY2hpdmVyVCR0b3ASAAGGoKgHCBMUFRYaIVUkbnVsbNMJCgsMDxJXTlMua2V5c1pOUy5vYmplY3RzViRjbGFzc6INDoACgAOiEBGABIAFgAdccmVsYXRpdmVQYXRoWWFsaWFzRGF0YV8QYy4uLy4uLy4uL01hdGgvQm9va3MvQ29tbXV0YXRpdmUgQWxnZWJyYS9BdGl5YWg6TWFjZG9uYWxkIC0gSW50cm9kdWN0aW9uIHRvIENvbW11dGF0aXZlIEFsZ2VicmEuZGp2ddIXCxgZV05TLmRhdGFPEQJsAAAAAAJsAAIAAAxNYWNpbnRvc2ggSEQAAAAAAAAAAAAAAAAAAADMMNqySCsAAAD10CYfQXRpeWFoL01hY2RvbmFsZCAtIzEwNUVGNzUuZGp2dQAAAAAAAAAAAAAAAAAAAAAAAAAAAAAAAAAAAAAAAAAAAQXvdcvTo4QAAAAAAAAAAAADAAQAAAkgAAAAAAAAAAAAAAAAAAAAE0NvbW11dGF0aXZlIEFsZ2VicmEAABAACAAAzDES8gAAABEACAAAy9PbxAAAAAEAGAD10CYA9cwXAPXIAAAKI0kABcI/AAIN+QACAGdNYWNpbnRvc2ggSEQ6VXNlcnM6AHRha3VtaW06AERyb3Bib3g6AE1hdGg6AEJvb2tzOgBDb21tdXRhdGl2ZSBBbGdlYnJhOgBBdGl5YWgvTWFjZG9uYWxkIC0jMTA1RUY3NS5kanZ1AAAOAHgAOwBBAHQAaQB5AGEAaAAvAE0AYQBjAGQAbwBuAGEAbABkACAALQAgAEkAbgB0AHIAbwBkAHUAYwB0AGkAbwBuACAAdABvACAAQwBvAG0AbQB1AHQAYQB0AGkAdgBlACAAQQBsAGcAZQBiAHIAYQAuAGQAagB2AHUADwAaAAwATQBhAGMAaQBuAHQAbwBzAGgAIABIAEQAEgBwVXNlcnMvdGFrdW1pbS9Ecm9wYm94L01hdGgvQm9va3MvQ29tbXV0YXRpdmUgQWxnZWJyYS9BdGl5YWg6TWFjZG9uYWxkIC0gSW50cm9kdWN0aW9uIHRvIENvbW11dGF0aXZlIEFsZ2VicmEuZGp2dQATAAEvAAAVAAIADv//AACABtIbHB0eWiRjbGFzc25hbWVYJGNsYXNzZXNdTlNNdXRhYmxlRGF0YaMdHyBWTlNEYXRhWE5TT2JqZWN00hscIiNcTlNEaWN0aW9uYXJ5oiIgXxAPTlNLZXllZEFyY2hpdmVy0SYnVHJvb3SAAQAIABEAGgAjAC0AMgA3AEAARgBNAFUAYABnAGoAbABuAHEAcwB1AHcAhACOAPQA+QEBA3EDcwN4A4MDjAOaA54DpQOuA7MDwAPDA9UD2APdAAAAAAAAAgEAAAAAAAAAKAAAAAAAAAAAAAAAAAAAA98=},
	Bdsk-Url-1 = {http://www.ams.org/mathscinet-getitem?mr=0242802}}
